@article{safespeech,
  title={SafeSpeech: Protecting voice recordings from unauthorized cloning},
  author={Author, A.},
  journal={Proceedings},
  year={2023}
}

@article{voiceblock,
  title={VoiceBlock: Privacy-preserving voice protection},
  author={Author, B.},
  journal={Conference},
  year={2024}
}

@inproceedings{ecapa,
  title={ECAPA-TDNN: Emphasized Channel Attention, Propagation and Aggregation in TDNN Based Speaker Verification},
  author={Desplanques, Brecht and Thienpondt, Jenthe and Demuynck, Kris},
  booktitle={Interspeech},
  year={2020}
}

@article{whisper,
  title={Robust Speech Recognition via Large-Scale Weak Supervision},
  author={Radford, Alec and Kim, Jong Wook and Xu, Tao and Brockman, Greg and McLeavey, Christine and Sutskever, Ilya},
  journal={arXiv preprint arXiv:2212.04356},
  year={2022}
}

@inproceedings{libritts,
  title={LibriTTS: A Corpus Derived from LibriSpeech for Text-to-Speech},
  author={Zen, Heiga and Dang, Viet and Clark, Rob and Zhang, Yu and Weiss, Ron J and Jia, Ye and Chen, Zhifeng and Wu, Yonghui},
  booktitle={Interspeech},
  year={2019}
}

@inproceedings{tau_dataset,
  title={A Multi-Device Dataset for Urban Acoustic Scene Classification},
  author={Heittola, Toni and Mesaros, Annamaria and Virtanen, Tuomas},
  booktitle={DCASE Workshop},
  year={2022}
}

@article{bertvits2,
  title={BERT-VITS2: Improving Text-to-Speech Synthesis with BERT-based Text Encoding},
  author={Author, C.},
  journal={Conference},
  year={2024}
}

@article{poisoning,
  title={Data poisoning attacks against machine learning models},
  author={Author, D.},
  journal={Security Conference},
  year={2022}
}

@article{watermarking,
  title={Audio watermarking for content protection},
  author={Author, E.},
  journal={Multimedia},
  year={2021}
}

@article{denoising,
  title={Speech enhancement and denoising},
  author={Author, F.},
  journal={Signal Processing},
  year={2023}
}

@article{demucs,
  title={Demucs: Deep Extractor for Music Sources},
  author={D{\'e}fossez, Alexandre and Usunier, Nicolas and Bottou, L{\'eon and Bach, Francis},
  journal={arXiv preprint},
  year={2019}
}

@inproceedings{pesq,
  title={Perceptual evaluation of speech quality (PESQ)},
  author={Rix, A. W. and Beerends, J. G. and Hollier, M. P. and Hekstra, A. P.},
  booktitle={IEEE ICASSP},
  year={2001}
}

@article{stoi,
  title={An Algorithm for Intelligibility Prediction of Time--Frequency Weighted Noisy Speech},
  author={Taal, Cees H and Hendriks, Richard C and Heusdens, Richard and Jensen, Jesper},
  journal={IEEE/ACM Transactions on Audio, Speech, and Language Processing},
  year={2011}
}

@article{kong2020panns,
  title={PANNs: Large-Scale Pretrained Audio Neural Networks for Audio Pattern Recognition},
  author={Kong, Qiuqiang and Cao, Yin and Iqbal, Turab and Wang, Yuxuan and Wang, Wenwu and Plumbley, Mark D},
  journal={IEEE/ACM Transactions on Audio, Speech, and Language Processing},
  volume={28},
  pages={2880--2894},
  year={2020},
  publisher={IEEE}
}

@inproceedings{gemmeke2017audioset,
  title={Audio Set: An ontology and human-labeled dataset for audio events},
  author={Gemmeke, Jort F and Ellis, Daniel PW and Freedman, Dylan and Jansen, Aren and Lawrence, Wade and Moore, R Channing and Plakal, Manoj and Ritter, Marvin},
  booktitle={IEEE International Conference on Acoustics, Speech and Signal Processing (ICASSP)},
  pages={776--780},
  year={2017},
  organization={IEEE}
}

@article{adam,
  title={Adam: A Method for Stochastic Optimization},
  author={Kingma, Diederik P and Ba, Jimmy},
  journal={arXiv preprint arXiv:1412.6980},
  year={2014}
}
